%YAML 1.1
%TAG !u! tag:unity3d.com,2011:
--- !u!29 &1
OcclusionCullingSettings:
  m_ObjectHideFlags: 0
  serializedVersion: 2
  m_OcclusionBakeSettings:
    smallestOccluder: 5
    smallestHole: 0.25
    backfaceThreshold: 100
  m_SceneGUID: 00000000000000000000000000000000
  m_OcclusionCullingData: {fileID: 0}
--- !u!104 &2
RenderSettings:
  m_ObjectHideFlags: 0
  serializedVersion: 8
  m_Fog: 0
  m_FogColor: {r: 0.5, g: 0.5, b: 0.5, a: 1}
  m_FogMode: 3
  m_FogDensity: 0.01
  m_LinearFogStart: 0
  m_LinearFogEnd: 300
  m_AmbientSkyColor: {r: 0.212, g: 0.227, b: 0.259, a: 1}
  m_AmbientEquatorColor: {r: 0.114, g: 0.125, b: 0.133, a: 1}
  m_AmbientGroundColor: {r: 0.047, g: 0.043, b: 0.035, a: 1}
  m_AmbientIntensity: 1
  m_AmbientMode: 0
  m_SubtractiveShadowColor: {r: 0.42, g: 0.478, b: 0.627, a: 1}
  m_SkyboxMaterial: {fileID: 10304, guid: 0000000000000000f000000000000000, type: 0}
  m_HaloStrength: 0.5
  m_FlareStrength: 1
  m_FlareFadeSpeed: 3
  m_HaloTexture: {fileID: 0}
  m_SpotCookie: {fileID: 10001, guid: 0000000000000000e000000000000000, type: 0}
  m_DefaultReflectionMode: 0
  m_DefaultReflectionResolution: 128
  m_ReflectionBounces: 1
  m_ReflectionIntensity: 1
  m_CustomReflection: {fileID: 0}
  m_Sun: {fileID: 0}
  m_IndirectSpecularColor: {r: 0.44657868, g: 0.4964127, b: 0.57481724, a: 1}
--- !u!157 &3
LightmapSettings:
  m_ObjectHideFlags: 0
  serializedVersion: 11
  m_GIWorkflowMode: 0
  m_GISettings:
    serializedVersion: 2
    m_BounceScale: 1
    m_IndirectOutputScale: 1
    m_AlbedoBoost: 1
    m_TemporalCoherenceThreshold: 1
    m_EnvironmentLightingMode: 0
    m_EnableBakedLightmaps: 1
    m_EnableRealtimeLightmaps: 1
  m_LightmapEditorSettings:
    serializedVersion: 9
    m_Resolution: 2
    m_BakeResolution: 40
    m_TextureWidth: 1024
    m_TextureHeight: 1024
    m_AO: 0
    m_AOMaxDistance: 1
    m_CompAOExponent: 1
    m_CompAOExponentDirect: 0
    m_Padding: 2
    m_LightmapParameters: {fileID: 0}
    m_LightmapsBakeMode: 1
    m_TextureCompression: 1
    m_FinalGather: 0
    m_FinalGatherFiltering: 1
    m_FinalGatherRayCount: 256
    m_ReflectionCompression: 2
    m_MixedBakeMode: 1
    m_BakeBackend: 0
    m_PVRSampling: 1
    m_PVRDirectSampleCount: 32
    m_PVRSampleCount: 500
    m_PVRBounces: 2
    m_PVRFiltering: 0
    m_PVRFilteringMode: 1
    m_PVRCulling: 1
    m_PVRFilteringGaussRadiusDirect: 1
    m_PVRFilteringGaussRadiusIndirect: 5
    m_PVRFilteringGaussRadiusAO: 2
    m_PVRFilteringAtrousColorSigma: 1
    m_PVRFilteringAtrousNormalSigma: 1
    m_PVRFilteringAtrousPositionSigma: 1
  m_LightingDataAsset: {fileID: 0}
  m_UseShadowmask: 1
--- !u!196 &4
NavMeshSettings:
  serializedVersion: 2
  m_ObjectHideFlags: 0
  m_BuildSettings:
    serializedVersion: 2
    agentTypeID: 0
    agentRadius: 0.5
    agentHeight: 2
    agentSlope: 45
    agentClimb: 0.4
    ledgeDropHeight: 0
    maxJumpAcrossDistance: 0
    minRegionArea: 2
    manualCellSize: 0
    cellSize: 0.16666667
    manualTileSize: 0
    tileSize: 256
    accuratePlacement: 0
  m_NavMeshData: {fileID: 0}
--- !u!1 &575646314
GameObject:
  m_ObjectHideFlags: 0
  m_PrefabParentObject: {fileID: 0}
  m_PrefabInternal: {fileID: 0}
  serializedVersion: 5
  m_Component:
  - component: {fileID: 575646315}
  - component: {fileID: 575646317}
  - component: {fileID: 575646316}
  m_Layer: 5
  m_Name: Image
  m_TagString: Untagged
  m_Icon: {fileID: 0}
  m_NavMeshLayer: 0
  m_StaticEditorFlags: 0
  m_IsActive: 1
--- !u!224 &575646315
RectTransform:
  m_ObjectHideFlags: 0
  m_PrefabParentObject: {fileID: 0}
  m_PrefabInternal: {fileID: 0}
  m_GameObject: {fileID: 575646314}
  m_LocalRotation: {x: 0, y: 0, z: 0, w: 1}
  m_LocalPosition: {x: 0, y: 0, z: 0}
  m_LocalScale: {x: 20, y: 20, z: 1}
  m_Children: []
  m_Father: {fileID: 1557581730}
  m_RootOrder: 0
  m_LocalEulerAnglesHint: {x: 0, y: 0, z: 0}
  m_AnchorMin: {x: 0.5, y: 0.5}
  m_AnchorMax: {x: 0.5, y: 0.5}
  m_AnchoredPosition: {x: 0, y: 0}
  m_SizeDelta: {x: 100, y: 100}
  m_Pivot: {x: 0.5, y: 0.5}
--- !u!114 &575646316
MonoBehaviour:
  m_ObjectHideFlags: 0
  m_PrefabParentObject: {fileID: 0}
  m_PrefabInternal: {fileID: 0}
  m_GameObject: {fileID: 575646314}
  m_Enabled: 1
  m_EditorHideFlags: 0
  m_Script: {fileID: -765806418, guid: f70555f144d8491a825f0804e09c671c, type: 3}
  m_Name: 
  m_EditorClassIdentifier: 
  m_Material: {fileID: 0}
  m_Color: {r: 1, g: 0, b: 0, a: 1}
  m_RaycastTarget: 1
  m_OnCullStateChanged:
    m_PersistentCalls:
      m_Calls: []
    m_TypeName: UnityEngine.UI.MaskableGraphic+CullStateChangedEvent, UnityEngine.UI,
      Version=1.0.0.0, Culture=neutral, PublicKeyToken=null
  m_Sprite: {fileID: 0}
  m_Type: 0
  m_PreserveAspect: 0
  m_FillCenter: 1
  m_FillMethod: 4
  m_FillAmount: 1
  m_FillClockwise: 1
  m_FillOrigin: 0
--- !u!222 &575646317
CanvasRenderer:
  m_ObjectHideFlags: 0
  m_PrefabParentObject: {fileID: 0}
  m_PrefabInternal: {fileID: 0}
  m_GameObject: {fileID: 575646314}
--- !u!1 &577133306
GameObject:
  m_ObjectHideFlags: 0
  m_PrefabParentObject: {fileID: 1625254161742694, guid: 292e1489aaf3c904aad97b95d5a7d538,
    type: 2}
  m_PrefabInternal: {fileID: 0}
  serializedVersion: 5
  m_Component:
  - component: {fileID: 577133307}
  - component: {fileID: 577133309}
  - component: {fileID: 577133308}
  m_Layer: 5
  m_Name: ScreenText
  m_TagString: Untagged
  m_Icon: {fileID: 0}
  m_NavMeshLayer: 0
  m_StaticEditorFlags: 0
  m_IsActive: 1
--- !u!224 &577133307
RectTransform:
  m_ObjectHideFlags: 0
  m_PrefabParentObject: {fileID: 224364364905930838, guid: 292e1489aaf3c904aad97b95d5a7d538,
    type: 2}
  m_PrefabInternal: {fileID: 0}
  m_GameObject: {fileID: 577133306}
  m_LocalRotation: {x: -0, y: -0, z: -0, w: 1}
  m_LocalPosition: {x: 0, y: 0, z: 0}
  m_LocalScale: {x: 1, y: 1, z: 1}
  m_Children: []
  m_Father: {fileID: 738347388}
  m_RootOrder: 0
  m_LocalEulerAnglesHint: {x: 0, y: 0, z: 0}
  m_AnchorMin: {x: 0.5, y: 0}
  m_AnchorMax: {x: 0.5, y: 0}
  m_AnchoredPosition: {x: 0, y: 50}
  m_SizeDelta: {x: 450, y: 120}
  m_Pivot: {x: 0.5, y: 0.5}
--- !u!114 &577133308
MonoBehaviour:
  m_ObjectHideFlags: 0
  m_PrefabParentObject: {fileID: 114157242230655580, guid: 292e1489aaf3c904aad97b95d5a7d538,
    type: 2}
  m_PrefabInternal: {fileID: 0}
  m_GameObject: {fileID: 577133306}
  m_Enabled: 1
  m_EditorHideFlags: 0
  m_Script: {fileID: 708705254, guid: f70555f144d8491a825f0804e09c671c, type: 3}
  m_Name: 
  m_EditorClassIdentifier: 
  m_Material: {fileID: 0}
  m_Color: {r: 0, g: 0.13103437, b: 1, a: 1}
  m_RaycastTarget: 1
  m_OnCullStateChanged:
    m_PersistentCalls:
      m_Calls: []
    m_TypeName: UnityEngine.UI.MaskableGraphic+CullStateChangedEvent, UnityEngine.UI,
      Version=1.0.0.0, Culture=neutral, PublicKeyToken=null
  m_FontData:
    m_Font: {fileID: 10102, guid: 0000000000000000e000000000000000, type: 0}
    m_FontSize: 50
    m_FontStyle: 0
    m_BestFit: 0
    m_MinSize: 0
    m_MaxSize: 150
    m_Alignment: 1
    m_AlignByGeometry: 0
    m_RichText: 1
    m_HorizontalOverflow: 0
    m_VerticalOverflow: 0
    m_LineSpacing: 1
  m_Text: NEW MOON CELEBRATION
--- !u!222 &577133309
CanvasRenderer:
  m_ObjectHideFlags: 0
  m_PrefabParentObject: {fileID: 222085197617828758, guid: 292e1489aaf3c904aad97b95d5a7d538,
    type: 2}
  m_PrefabInternal: {fileID: 0}
  m_GameObject: {fileID: 577133306}
--- !u!1 &583055124
GameObject:
  m_ObjectHideFlags: 0
  m_PrefabParentObject: {fileID: 0}
  m_PrefabInternal: {fileID: 0}
  serializedVersion: 5
  m_Component:
  - component: {fileID: 583055125}
  - component: {fileID: 583055127}
  - component: {fileID: 583055126}
  m_Layer: 5
  m_Name: Text
  m_TagString: Untagged
  m_Icon: {fileID: 0}
  m_NavMeshLayer: 0
  m_StaticEditorFlags: 0
  m_IsActive: 1
--- !u!224 &583055125
RectTransform:
  m_ObjectHideFlags: 0
  m_PrefabParentObject: {fileID: 0}
  m_PrefabInternal: {fileID: 0}
  m_GameObject: {fileID: 583055124}
  m_LocalRotation: {x: 0, y: 0, z: 0, w: 1}
  m_LocalPosition: {x: 0, y: 0, z: 0}
  m_LocalScale: {x: 1, y: 1, z: 1}
  m_Children: []
  m_Father: {fileID: 1472132262}
  m_RootOrder: 0
  m_LocalEulerAnglesHint: {x: 0, y: 0, z: 0}
  m_AnchorMin: {x: 0, y: 0}
  m_AnchorMax: {x: 1, y: 1}
  m_AnchoredPosition: {x: 0, y: 0}
  m_SizeDelta: {x: 0, y: 0}
  m_Pivot: {x: 0.5, y: 0.5}
--- !u!114 &583055126
MonoBehaviour:
  m_ObjectHideFlags: 0
  m_PrefabParentObject: {fileID: 0}
  m_PrefabInternal: {fileID: 0}
  m_GameObject: {fileID: 583055124}
  m_Enabled: 1
  m_EditorHideFlags: 0
  m_Script: {fileID: 708705254, guid: f70555f144d8491a825f0804e09c671c, type: 3}
  m_Name: 
  m_EditorClassIdentifier: 
  m_Material: {fileID: 0}
  m_Color: {r: 0.19607843, g: 0.19607843, b: 0.19607843, a: 1}
  m_RaycastTarget: 1
  m_OnCullStateChanged:
    m_PersistentCalls:
      m_Calls: []
    m_TypeName: UnityEngine.UI.MaskableGraphic+CullStateChangedEvent, UnityEngine.UI,
      Version=1.0.0.0, Culture=neutral, PublicKeyToken=null
  m_FontData:
    m_Font: {fileID: 10102, guid: 0000000000000000e000000000000000, type: 0}
    m_FontSize: 14
    m_FontStyle: 0
    m_BestFit: 0
    m_MinSize: 10
    m_MaxSize: 40
    m_Alignment: 4
    m_AlignByGeometry: 0
    m_RichText: 1
    m_HorizontalOverflow: 0
    m_VerticalOverflow: 0
    m_LineSpacing: 1
  m_Text: Start Game
--- !u!222 &583055127
CanvasRenderer:
  m_ObjectHideFlags: 0
  m_PrefabParentObject: {fileID: 0}
  m_PrefabInternal: {fileID: 0}
  m_GameObject: {fileID: 583055124}
--- !u!1 &618609181
GameObject:
  m_ObjectHideFlags: 0
  m_PrefabParentObject: {fileID: 1945061754739674, guid: 292e1489aaf3c904aad97b95d5a7d538,
    type: 2}
  m_PrefabInternal: {fileID: 0}
  serializedVersion: 5
  m_Component:
  - component: {fileID: 618609182}
  m_Layer: 5
  m_Name: _GUI
  m_TagString: Untagged
  m_Icon: {fileID: 0}
  m_NavMeshLayer: 0
  m_StaticEditorFlags: 0
  m_IsActive: 1
--- !u!224 &618609182
RectTransform:
  m_ObjectHideFlags: 0
  m_PrefabParentObject: {fileID: 224351308399937906, guid: 292e1489aaf3c904aad97b95d5a7d538,
    type: 2}
  m_PrefabInternal: {fileID: 0}
  m_GameObject: {fileID: 618609181}
  m_LocalRotation: {x: 0, y: 0, z: 0, w: 1}
  m_LocalPosition: {x: 0, y: 0, z: 0}
  m_LocalScale: {x: 1, y: 1, z: 1}
  m_Children:
  - {fileID: 1557581730}
  - {fileID: 1628715378}
  m_Father: {fileID: 0}
  m_RootOrder: 2
  m_LocalEulerAnglesHint: {x: 0, y: 0, z: 0}
  m_AnchorMin: {x: 0.5, y: 0.5}
  m_AnchorMax: {x: 0.5, y: 0.5}
  m_AnchoredPosition: {x: 0.65, y: -3.88}
  m_SizeDelta: {x: 100, y: 100}
  m_Pivot: {x: 0.5, y: 0.5}
--- !u!1 &738347387
GameObject:
  m_ObjectHideFlags: 0
  m_PrefabParentObject: {fileID: 1665957696268900, guid: 292e1489aaf3c904aad97b95d5a7d538,
    type: 2}
  m_PrefabInternal: {fileID: 0}
  serializedVersion: 5
  m_Component:
  - component: {fileID: 738347388}
  m_Layer: 5
  m_Name: TouchscreenUI
  m_TagString: Untagged
  m_Icon: {fileID: 0}
  m_NavMeshLayer: 0
  m_StaticEditorFlags: 0
  m_IsActive: 1
--- !u!224 &738347388
RectTransform:
  m_ObjectHideFlags: 0
  m_PrefabParentObject: {fileID: 224610065571189958, guid: 292e1489aaf3c904aad97b95d5a7d538,
    type: 2}
  m_PrefabInternal: {fileID: 0}
  m_GameObject: {fileID: 738347387}
  m_LocalRotation: {x: 0, y: 0, z: 0, w: 1}
  m_LocalPosition: {x: 0, y: 0, z: 0}
  m_LocalScale: {x: 1, y: 1, z: 1}
  m_Children:
  - {fileID: 577133307}
  - {fileID: 1472132262}
  - {fileID: 1064475694}
  m_Father: {fileID: 1557581730}
  m_RootOrder: 1
  m_LocalEulerAnglesHint: {x: 0, y: 0, z: 0}
  m_AnchorMin: {x: 0, y: 0}
  m_AnchorMax: {x: 1, y: 1}
  m_AnchoredPosition: {x: 0, y: 0}
  m_SizeDelta: {x: -988, y: -658}
  m_Pivot: {x: 0.5, y: 0.5}
--- !u!1 &1064475693
GameObject:
  m_ObjectHideFlags: 0
  m_PrefabParentObject: {fileID: 0}
  m_PrefabInternal: {fileID: 0}
  serializedVersion: 5
  m_Component:
  - component: {fileID: 1064475694}
  - component: {fileID: 1064475698}
  - component: {fileID: 1064475697}
  - component: {fileID: 1064475696}
  - component: {fileID: 1064475695}
  m_Layer: 5
  m_Name: MultiPlayerBtn
  m_TagString: Untagged
  m_Icon: {fileID: 0}
  m_NavMeshLayer: 0
  m_StaticEditorFlags: 0
  m_IsActive: 1
--- !u!224 &1064475694
RectTransform:
  m_ObjectHideFlags: 0
  m_PrefabParentObject: {fileID: 0}
  m_PrefabInternal: {fileID: 0}
  m_GameObject: {fileID: 1064475693}
  m_LocalRotation: {x: -0, y: -0, z: -0, w: 1}
  m_LocalPosition: {x: 0, y: 0, z: 0}
  m_LocalScale: {x: 1, y: 1, z: 1}
  m_Children:
  - {fileID: 1837302009}
  m_Father: {fileID: 738347388}
  m_RootOrder: 2
  m_LocalEulerAnglesHint: {x: 0, y: 0, z: 0}
  m_AnchorMin: {x: 0.5, y: 0}
  m_AnchorMax: {x: 0.5, y: 0}
  m_AnchoredPosition: {x: 0, y: -100}
  m_SizeDelta: {x: 160, y: 30}
  m_Pivot: {x: 0.5, y: 0.5}
--- !u!114 &1064475695
MonoBehaviour:
  m_ObjectHideFlags: 0
  m_PrefabParentObject: {fileID: 0}
  m_PrefabInternal: {fileID: 0}
  m_GameObject: {fileID: 1064475693}
  m_Enabled: 1
  m_EditorHideFlags: 0
  m_Script: {fileID: 11500000, guid: fef6203e09c73d04eaf60cb84ed3586e, type: 3}
  m_Name: 
  m_EditorClassIdentifier: 
  PlayerPrefab: {fileID: 1568083600473588, guid: 50bd7a6bb3612644fa098a7ed6df9ac2,
    type: 2}
  NetworkManagerPrefab: {fileID: 0}
--- !u!114 &1064475696
MonoBehaviour:
  m_ObjectHideFlags: 0
  m_PrefabParentObject: {fileID: 0}
  m_PrefabInternal: {fileID: 0}
  m_GameObject: {fileID: 1064475693}
  m_Enabled: 1
  m_EditorHideFlags: 0
  m_Script: {fileID: 1392445389, guid: f70555f144d8491a825f0804e09c671c, type: 3}
  m_Name: 
  m_EditorClassIdentifier: 
  m_Navigation:
    m_Mode: 3
    m_SelectOnUp: {fileID: 0}
    m_SelectOnDown: {fileID: 0}
    m_SelectOnLeft: {fileID: 0}
    m_SelectOnRight: {fileID: 0}
  m_Transition: 1
  m_Colors:
    m_NormalColor: {r: 1, g: 1, b: 1, a: 1}
    m_HighlightedColor: {r: 0.9607843, g: 0.9607843, b: 0.9607843, a: 1}
    m_PressedColor: {r: 0.78431374, g: 0.78431374, b: 0.78431374, a: 1}
    m_DisabledColor: {r: 0.78431374, g: 0.78431374, b: 0.78431374, a: 0.5019608}
    m_ColorMultiplier: 1
    m_FadeDuration: 0.1
  m_SpriteState:
    m_HighlightedSprite: {fileID: 0}
    m_PressedSprite: {fileID: 0}
    m_DisabledSprite: {fileID: 0}
  m_AnimationTriggers:
    m_NormalTrigger: Normal
    m_HighlightedTrigger: Highlighted
    m_PressedTrigger: Pressed
    m_DisabledTrigger: Disabled
  m_Interactable: 1
  m_TargetGraphic: {fileID: 1064475697}
  m_OnClick:
    m_PersistentCalls:
      m_Calls:
      - m_Target: {fileID: 1064475695}
        m_MethodName: LoadMultiPlayer
        m_Mode: 1
        m_Arguments:
          m_ObjectArgument: {fileID: 0}
          m_ObjectArgumentAssemblyTypeName: UnityEngine.Object, UnityEngine
          m_IntArgument: 0
          m_FloatArgument: 0
          m_StringArgument: 
          m_BoolArgument: 0
        m_CallState: 2
    m_TypeName: UnityEngine.UI.Button+ButtonClickedEvent, UnityEngine.UI, Version=1.0.0.0,
      Culture=neutral, PublicKeyToken=null
--- !u!114 &1064475697
MonoBehaviour:
  m_ObjectHideFlags: 0
  m_PrefabParentObject: {fileID: 0}
  m_PrefabInternal: {fileID: 0}
  m_GameObject: {fileID: 1064475693}
  m_Enabled: 1
  m_EditorHideFlags: 0
  m_Script: {fileID: -765806418, guid: f70555f144d8491a825f0804e09c671c, type: 3}
  m_Name: 
  m_EditorClassIdentifier: 
  m_Material: {fileID: 0}
  m_Color: {r: 1, g: 1, b: 1, a: 1}
  m_RaycastTarget: 1
  m_OnCullStateChanged:
    m_PersistentCalls:
      m_Calls: []
    m_TypeName: UnityEngine.UI.MaskableGraphic+CullStateChangedEvent, UnityEngine.UI,
      Version=1.0.0.0, Culture=neutral, PublicKeyToken=null
  m_Sprite: {fileID: 10905, guid: 0000000000000000f000000000000000, type: 0}
  m_Type: 1
  m_PreserveAspect: 0
  m_FillCenter: 1
  m_FillMethod: 4
  m_FillAmount: 1
  m_FillClockwise: 1
  m_FillOrigin: 0
--- !u!222 &1064475698
CanvasRenderer:
  m_ObjectHideFlags: 0
  m_PrefabParentObject: {fileID: 0}
  m_PrefabInternal: {fileID: 0}
  m_GameObject: {fileID: 1064475693}
--- !u!1 &1105744566
GameObject:
  m_ObjectHideFlags: 0
  m_PrefabParentObject: {fileID: 0}
  m_PrefabInternal: {fileID: 0}
  serializedVersion: 5
  m_Component:
  - component: {fileID: 1105744568}
  - component: {fileID: 1105744567}
  m_Layer: 0
  m_Name: Directional Light
  m_TagString: Untagged
  m_Icon: {fileID: 0}
  m_NavMeshLayer: 0
  m_StaticEditorFlags: 0
  m_IsActive: 1
--- !u!108 &1105744567
Light:
  m_ObjectHideFlags: 0
  m_PrefabParentObject: {fileID: 0}
  m_PrefabInternal: {fileID: 0}
  m_GameObject: {fileID: 1105744566}
  m_Enabled: 1
  serializedVersion: 8
  m_Type: 1
  m_Color: {r: 1, g: 0.95686275, b: 0.8392157, a: 1}
  m_Intensity: 1
  m_Range: 10
  m_SpotAngle: 30
  m_CookieSize: 10
  m_Shadows:
    m_Type: 2
    m_Resolution: -1
    m_CustomResolution: -1
    m_Strength: 1
    m_Bias: 0.05
    m_NormalBias: 0.4
    m_NearPlane: 0.2
  m_Cookie: {fileID: 0}
  m_DrawHalo: 0
  m_Flare: {fileID: 0}
  m_RenderMode: 0
  m_CullingMask:
    serializedVersion: 2
    m_Bits: 4294967295
  m_Lightmapping: 4
  m_AreaSize: {x: 1, y: 1}
  m_BounceIntensity: 1
  m_FalloffTable:
    m_Table[0]: 0
    m_Table[1]: 0
    m_Table[2]: 0
    m_Table[3]: 0
    m_Table[4]: 0
    m_Table[5]: 0
    m_Table[6]: 0
    m_Table[7]: 0
    m_Table[8]: 0
    m_Table[9]: 0
    m_Table[10]: 0
    m_Table[11]: 0
    m_Table[12]: 0
  m_ColorTemperature: 6570
  m_UseColorTemperature: 0
  m_ShadowRadius: 0
  m_ShadowAngle: 0
--- !u!4 &1105744568
Transform:
  m_ObjectHideFlags: 0
  m_PrefabParentObject: {fileID: 0}
  m_PrefabInternal: {fileID: 0}
  m_GameObject: {fileID: 1105744566}
  m_LocalRotation: {x: 0.40821788, y: -0.23456968, z: 0.10938163, w: 0.8754261}
  m_LocalPosition: {x: 0, y: 3, z: 0}
  m_LocalScale: {x: 1, y: 1, z: 1}
  m_Children: []
  m_Father: {fileID: 0}
  m_RootOrder: 1
  m_LocalEulerAnglesHint: {x: 50, y: -30, z: 0}
--- !u!1 &1472132261
GameObject:
  m_ObjectHideFlags: 0
  m_PrefabParentObject: {fileID: 0}
  m_PrefabInternal: {fileID: 0}
  serializedVersion: 5
  m_Component:
  - component: {fileID: 1472132262}
  - component: {fileID: 1472132266}
  - component: {fileID: 1472132265}
  - component: {fileID: 1472132264}
  - component: {fileID: 1472132263}
  m_Layer: 5
  m_Name: StartGameBtn
  m_TagString: Untagged
  m_Icon: {fileID: 0}
  m_NavMeshLayer: 0
  m_StaticEditorFlags: 0
  m_IsActive: 1
--- !u!224 &1472132262
RectTransform:
  m_ObjectHideFlags: 0
  m_PrefabParentObject: {fileID: 0}
  m_PrefabInternal: {fileID: 0}
  m_GameObject: {fileID: 1472132261}
  m_LocalRotation: {x: -0, y: -0, z: -0, w: 1}
  m_LocalPosition: {x: 0, y: 0, z: 0}
  m_LocalScale: {x: 1, y: 1, z: 1}
  m_Children:
  - {fileID: 583055125}
  m_Father: {fileID: 738347388}
  m_RootOrder: 1
  m_LocalEulerAnglesHint: {x: 0, y: 0, z: 0}
  m_AnchorMin: {x: 0.5, y: 0}
  m_AnchorMax: {x: 0.5, y: 0}
  m_AnchoredPosition: {x: 0, y: -50}
  m_SizeDelta: {x: 160, y: 30}
  m_Pivot: {x: 0.5, y: 0.5}
--- !u!114 &1472132263
MonoBehaviour:
  m_ObjectHideFlags: 0
  m_PrefabParentObject: {fileID: 0}
  m_PrefabInternal: {fileID: 0}
  m_GameObject: {fileID: 1472132261}
  m_Enabled: 1
  m_EditorHideFlags: 0
  m_Script: {fileID: 11500000, guid: fef6203e09c73d04eaf60cb84ed3586e, type: 3}
  m_Name: 
  m_EditorClassIdentifier: 
  PlayerPrefab: {fileID: 1494198592874654, guid: 50bd7a6bb3612644fa098a7ed6df9ac2,
    type: 2}
  NetworkManagerPrefab: {fileID: 1948306810671440, guid: f9e2aacb01522a24194287ae9bbccb85,
    type: 2}
--- !u!114 &1472132264
MonoBehaviour:
  m_ObjectHideFlags: 0
  m_PrefabParentObject: {fileID: 0}
  m_PrefabInternal: {fileID: 0}
  m_GameObject: {fileID: 1472132261}
  m_Enabled: 1
  m_EditorHideFlags: 0
  m_Script: {fileID: 1392445389, guid: f70555f144d8491a825f0804e09c671c, type: 3}
  m_Name: 
  m_EditorClassIdentifier: 
  m_Navigation:
    m_Mode: 3
    m_SelectOnUp: {fileID: 0}
    m_SelectOnDown: {fileID: 0}
    m_SelectOnLeft: {fileID: 0}
    m_SelectOnRight: {fileID: 0}
  m_Transition: 1
  m_Colors:
    m_NormalColor: {r: 1, g: 1, b: 1, a: 1}
    m_HighlightedColor: {r: 0.9607843, g: 0.9607843, b: 0.9607843, a: 1}
    m_PressedColor: {r: 0.78431374, g: 0.78431374, b: 0.78431374, a: 1}
    m_DisabledColor: {r: 0.78431374, g: 0.78431374, b: 0.78431374, a: 0.5019608}
    m_ColorMultiplier: 1
    m_FadeDuration: 0.1
  m_SpriteState:
    m_HighlightedSprite: {fileID: 0}
    m_PressedSprite: {fileID: 0}
    m_DisabledSprite: {fileID: 0}
  m_AnimationTriggers:
    m_NormalTrigger: Normal
    m_HighlightedTrigger: Highlighted
    m_PressedTrigger: Pressed
    m_DisabledTrigger: Disabled
  m_Interactable: 1
  m_TargetGraphic: {fileID: 1472132265}
  m_OnClick:
    m_PersistentCalls:
      m_Calls:
      - m_Target: {fileID: 1472132263}
        m_MethodName: LoadSinglePlayer
        m_Mode: 1
        m_Arguments:
          m_ObjectArgument: {fileID: 0}
          m_ObjectArgumentAssemblyTypeName: UnityEngine.Object, UnityEngine
          m_IntArgument: 0
          m_FloatArgument: 0
          m_StringArgument: 
          m_BoolArgument: 0
        m_CallState: 2
    m_TypeName: UnityEngine.UI.Button+ButtonClickedEvent, UnityEngine.UI, Version=1.0.0.0,
      Culture=neutral, PublicKeyToken=null
--- !u!114 &1472132265
MonoBehaviour:
  m_ObjectHideFlags: 0
  m_PrefabParentObject: {fileID: 0}
  m_PrefabInternal: {fileID: 0}
  m_GameObject: {fileID: 1472132261}
  m_Enabled: 1
  m_EditorHideFlags: 0
  m_Script: {fileID: -765806418, guid: f70555f144d8491a825f0804e09c671c, type: 3}
  m_Name: 
  m_EditorClassIdentifier: 
  m_Material: {fileID: 0}
  m_Color: {r: 1, g: 1, b: 1, a: 1}
  m_RaycastTarget: 1
  m_OnCullStateChanged:
    m_PersistentCalls:
      m_Calls: []
    m_TypeName: UnityEngine.UI.MaskableGraphic+CullStateChangedEvent, UnityEngine.UI,
      Version=1.0.0.0, Culture=neutral, PublicKeyToken=null
  m_Sprite: {fileID: 10905, guid: 0000000000000000f000000000000000, type: 0}
  m_Type: 1
  m_PreserveAspect: 0
  m_FillCenter: 1
  m_FillMethod: 4
  m_FillAmount: 1
  m_FillClockwise: 1
  m_FillOrigin: 0
--- !u!222 &1472132266
CanvasRenderer:
  m_ObjectHideFlags: 0
  m_PrefabParentObject: {fileID: 0}
  m_PrefabInternal: {fileID: 0}
  m_GameObject: {fileID: 1472132261}
--- !u!1 &1557581729
GameObject:
  m_ObjectHideFlags: 0
  m_PrefabParentObject: {fileID: 1281682326384290, guid: 292e1489aaf3c904aad97b95d5a7d538,
    type: 2}
  m_PrefabInternal: {fileID: 0}
  serializedVersion: 5
  m_Component:
  - component: {fileID: 1557581730}
  - component: {fileID: 1557581733}
  - component: {fileID: 1557581732}
  - component: {fileID: 1557581731}
  m_Layer: 5
  m_Name: Canvas
  m_TagString: Untagged
  m_Icon: {fileID: 0}
  m_NavMeshLayer: 0
  m_StaticEditorFlags: 0
  m_IsActive: 1
--- !u!224 &1557581730
RectTransform:
  m_ObjectHideFlags: 0
  m_PrefabParentObject: {fileID: 224860232746383804, guid: 292e1489aaf3c904aad97b95d5a7d538,
    type: 2}
  m_PrefabInternal: {fileID: 0}
  m_GameObject: {fileID: 1557581729}
  m_LocalRotation: {x: 0, y: 0, z: 0, w: 1}
  m_LocalPosition: {x: 0, y: 0, z: 0}
  m_LocalScale: {x: 0, y: 0, z: 0}
  m_Children:
  - {fileID: 575646315}
  - {fileID: 738347388}
  m_Father: {fileID: 618609182}
  m_RootOrder: 0
  m_LocalEulerAnglesHint: {x: 0, y: 0, z: 0}
  m_AnchorMin: {x: 0, y: 0}
  m_AnchorMax: {x: 0, y: 0}
  m_AnchoredPosition: {x: 0, y: 0}
  m_SizeDelta: {x: 0, y: 0}
  m_Pivot: {x: 0, y: 0}
--- !u!114 &1557581731
MonoBehaviour:
  m_ObjectHideFlags: 0
  m_PrefabParentObject: {fileID: 114643176395462208, guid: 292e1489aaf3c904aad97b95d5a7d538,
    type: 2}
  m_PrefabInternal: {fileID: 0}
  m_GameObject: {fileID: 1557581729}
  m_Enabled: 1
  m_EditorHideFlags: 0
  m_Script: {fileID: 1301386320, guid: f5f67c52d1564df4a8936ccd202a3bd8, type: 3}
  m_Name: 
  m_EditorClassIdentifier: 
  m_IgnoreReversedGraphics: 1
  m_BlockingObjects: 0
  m_BlockingMask:
    serializedVersion: 2
    m_Bits: 4294967295
--- !u!114 &1557581732
MonoBehaviour:
  m_ObjectHideFlags: 0
  m_PrefabParentObject: {fileID: 114300224116125758, guid: 292e1489aaf3c904aad97b95d5a7d538,
    type: 2}
  m_PrefabInternal: {fileID: 0}
  m_GameObject: {fileID: 1557581729}
  m_Enabled: 1
  m_EditorHideFlags: 0
  m_Script: {fileID: 1980459831, guid: f5f67c52d1564df4a8936ccd202a3bd8, type: 3}
  m_Name: 
  m_EditorClassIdentifier: 
  m_UiScaleMode: 0
  m_ReferencePixelsPerUnit: 100
  m_ScaleFactor: 1
  m_ReferenceResolution: {x: 800, y: 600}
  m_ScreenMatchMode: 0
  m_MatchWidthOrHeight: 0
  m_PhysicalUnit: 3
  m_FallbackScreenDPI: 96
  m_DefaultSpriteDPI: 96
  m_DynamicPixelsPerUnit: 1
--- !u!223 &1557581733
Canvas:
  m_ObjectHideFlags: 0
  m_PrefabParentObject: {fileID: 223107731038701800, guid: 292e1489aaf3c904aad97b95d5a7d538,
    type: 2}
  m_PrefabInternal: {fileID: 0}
  m_GameObject: {fileID: 1557581729}
  m_Enabled: 1
  serializedVersion: 3
  m_RenderMode: 0
  m_Camera: {fileID: 0}
  m_PlaneDistance: 100
  m_PixelPerfect: 0
  m_ReceivesEvents: 1
  m_OverrideSorting: 0
  m_OverridePixelPerfect: 0
  m_SortingBucketNormalizedSize: 0
  m_AdditionalShaderChannelsFlag: 25
  m_SortingLayerID: 0
  m_SortingOrder: 0
  m_TargetDisplay: 0
--- !u!1 &1628715377
GameObject:
  m_ObjectHideFlags: 0
  m_PrefabParentObject: {fileID: 1935619450353308, guid: 292e1489aaf3c904aad97b95d5a7d538,
    type: 2}
  m_PrefabInternal: {fileID: 0}
  serializedVersion: 5
  m_Component:
  - component: {fileID: 1628715378}
  - component: {fileID: 1628715380}
  - component: {fileID: 1628715379}
  m_Layer: 0
  m_Name: EventSystem
  m_TagString: Untagged
  m_Icon: {fileID: 0}
  m_NavMeshLayer: 0
  m_StaticEditorFlags: 0
  m_IsActive: 1
--- !u!4 &1628715378
Transform:
  m_ObjectHideFlags: 0
  m_PrefabParentObject: {fileID: 4711130758277598, guid: 292e1489aaf3c904aad97b95d5a7d538,
    type: 2}
  m_PrefabInternal: {fileID: 0}
  m_GameObject: {fileID: 1628715377}
  m_LocalRotation: {x: 0, y: 0, z: 0, w: 1}
  m_LocalPosition: {x: -548.5, y: -67.5, z: 0}
  m_LocalScale: {x: 1, y: 1, z: 1}
  m_Children: []
  m_Father: {fileID: 618609182}
  m_RootOrder: 1
  m_LocalEulerAnglesHint: {x: 0, y: 0, z: 0}
--- !u!114 &1628715379
MonoBehaviour:
  m_ObjectHideFlags: 0
  m_PrefabParentObject: {fileID: 114847157941844304, guid: 292e1489aaf3c904aad97b95d5a7d538,
    type: 2}
  m_PrefabInternal: {fileID: 0}
  m_GameObject: {fileID: 1628715377}
  m_Enabled: 1
  m_EditorHideFlags: 0
  m_Script: {fileID: 1077351063, guid: f5f67c52d1564df4a8936ccd202a3bd8, type: 3}
  m_Name: 
  m_EditorClassIdentifier: 
  m_HorizontalAxis: Horizontal
  m_VerticalAxis: Vertical
  m_SubmitButton: Submit
  m_CancelButton: Cancel
  m_InputActionsPerSecond: 10
  m_RepeatDelay: 0.5
  m_ForceModuleActive: 0
--- !u!114 &1628715380
MonoBehaviour:
  m_ObjectHideFlags: 0
  m_PrefabParentObject: {fileID: 114386581656280176, guid: 292e1489aaf3c904aad97b95d5a7d538,
    type: 2}
  m_PrefabInternal: {fileID: 0}
  m_GameObject: {fileID: 1628715377}
  m_Enabled: 1
  m_EditorHideFlags: 0
  m_Script: {fileID: -619905303, guid: f5f67c52d1564df4a8936ccd202a3bd8, type: 3}
  m_Name: 
  m_EditorClassIdentifier: 
  m_FirstSelected: {fileID: 0}
  m_sendNavigationEvents: 1
  m_DragThreshold: 5
--- !u!1 &1826153060
GameObject:
  m_ObjectHideFlags: 0
  m_PrefabParentObject: {fileID: 0}
  m_PrefabInternal: {fileID: 0}
  serializedVersion: 5
  m_Component:
  - component: {fileID: 1826153065}
  - component: {fileID: 1826153064}
  - component: {fileID: 1826153063}
  - component: {fileID: 1826153062}
  - component: {fileID: 1826153061}
  m_Layer: 0
  m_Name: Main Camera
  m_TagString: MainCamera
  m_Icon: {fileID: 0}
  m_NavMeshLayer: 0
  m_StaticEditorFlags: 0
  m_IsActive: 1
--- !u!81 &1826153061
AudioListener:
  m_ObjectHideFlags: 0
  m_PrefabParentObject: {fileID: 0}
  m_PrefabInternal: {fileID: 0}
  m_GameObject: {fileID: 1826153060}
  m_Enabled: 1
--- !u!124 &1826153062
Behaviour:
  m_ObjectHideFlags: 0
  m_PrefabParentObject: {fileID: 0}
  m_PrefabInternal: {fileID: 0}
  m_GameObject: {fileID: 1826153060}
  m_Enabled: 1
--- !u!92 &1826153063
Behaviour:
  m_ObjectHideFlags: 0
  m_PrefabParentObject: {fileID: 0}
  m_PrefabInternal: {fileID: 0}
  m_GameObject: {fileID: 1826153060}
  m_Enabled: 1
--- !u!20 &1826153064
Camera:
  m_ObjectHideFlags: 0
  m_PrefabParentObject: {fileID: 0}
  m_PrefabInternal: {fileID: 0}
  m_GameObject: {fileID: 1826153060}
  m_Enabled: 1
  serializedVersion: 2
  m_ClearFlags: 1
  m_BackGroundColor: {r: 0.19215687, g: 0.3019608, b: 0.4745098, a: 0}
  m_NormalizedViewPortRect:
    serializedVersion: 2
    x: 0
    y: 0
    width: 1
    height: 1
  near clip plane: 0.3
  far clip plane: 1000
  field of view: 60
  orthographic: 0
  orthographic size: 5
  m_Depth: -1
  m_CullingMask:
    serializedVersion: 2
    m_Bits: 4294967295
  m_RenderingPath: -1
  m_TargetTexture: {fileID: 0}
  m_TargetDisplay: 0
  m_TargetEye: 3
  m_HDR: 0
  m_AllowMSAA: 1
  m_ForceIntoRT: 0
  m_OcclusionCulling: 1
  m_StereoConvergence: 10
  m_StereoSeparation: 0.022
  m_StereoMirrorMode: 0
--- !u!4 &1826153065
Transform:
  m_ObjectHideFlags: 0
  m_PrefabParentObject: {fileID: 0}
  m_PrefabInternal: {fileID: 0}
  m_GameObject: {fileID: 1826153060}
  m_LocalRotation: {x: 0, y: 0, z: 0, w: 1}
  m_LocalPosition: {x: 0, y: 1, z: -10}
  m_LocalScale: {x: 1, y: 1, z: 1}
  m_Children: []
  m_Father: {fileID: 0}
  m_RootOrder: 0
  m_LocalEulerAnglesHint: {x: 0, y: 0, z: 0}
--- !u!1 &1837302008
GameObject:
  m_ObjectHideFlags: 0
  m_PrefabParentObject: {fileID: 0}
  m_PrefabInternal: {fileID: 0}
  serializedVersion: 5
  m_Component:
  - component: {fileID: 1837302009}
  - component: {fileID: 1837302011}
  - component: {fileID: 1837302010}
  m_Layer: 5
  m_Name: Text
  m_TagString: Untagged
  m_Icon: {fileID: 0}
  m_NavMeshLayer: 0
  m_StaticEditorFlags: 0
  m_IsActive: 1
--- !u!224 &1837302009
RectTransform:
  m_ObjectHideFlags: 0
  m_PrefabParentObject: {fileID: 0}
  m_PrefabInternal: {fileID: 0}
  m_GameObject: {fileID: 1837302008}
  m_LocalRotation: {x: 0, y: 0, z: 0, w: 1}
  m_LocalPosition: {x: 0, y: 0, z: 0}
  m_LocalScale: {x: 1, y: 1, z: 1}
  m_Children: []
  m_Father: {fileID: 1064475694}
  m_RootOrder: 0
  m_LocalEulerAnglesHint: {x: 0, y: 0, z: 0}
  m_AnchorMin: {x: 0, y: 0}
  m_AnchorMax: {x: 1, y: 1}
  m_AnchoredPosition: {x: 0, y: 0}
  m_SizeDelta: {x: 0, y: 0}
  m_Pivot: {x: 0.5, y: 0.5}
--- !u!114 &1837302010
MonoBehaviour:
  m_ObjectHideFlags: 0
  m_PrefabParentObject: {fileID: 0}
  m_PrefabInternal: {fileID: 0}
  m_GameObject: {fileID: 1837302008}
  m_Enabled: 1
  m_EditorHideFlags: 0
  m_Script: {fileID: 708705254, guid: f70555f144d8491a825f0804e09c671c, type: 3}
  m_Name: 
  m_EditorClassIdentifier: 
  m_Material: {fileID: 0}
  m_Color: {r: 0.19607843, g: 0.19607843, b: 0.19607843, a: 1}
  m_RaycastTarget: 1
  m_OnCullStateChanged:
    m_PersistentCalls:
      m_Calls: []
    m_TypeName: UnityEngine.UI.MaskableGraphic+CullStateChangedEvent, UnityEngine.UI,
      Version=1.0.0.0, Culture=neutral, PublicKeyToken=null
  m_FontData:
    m_Font: {fileID: 10102, guid: 0000000000000000e000000000000000, type: 0}
    m_FontSize: 14
    m_FontStyle: 0
    m_BestFit: 0
    m_MinSize: 10
    m_MaxSize: 40
    m_Alignment: 4
    m_AlignByGeometry: 0
    m_RichText: 1
    m_HorizontalOverflow: 0
    m_VerticalOverflow: 0
    m_LineSpacing: 1
  m_Text: 'MultiPlayer

'
--- !u!222 &1837302011
CanvasRenderer:
  m_ObjectHideFlags: 0
  m_PrefabParentObject: {fileID: 0}
  m_PrefabInternal: {fileID: 0}
  m_GameObject: {fileID: 1837302008}
